@incollection{Umberto,
year={2013},
isbn={978-3-642-39199-6},
booktitle={Web Engineering},
volume={7977},
series={Lecture Notes in Computer Science},
editor={Daniel, Florian and Dolog, Peter and Li, Qing},
doi={10.1007/978-3-642-39200-9_33},
title={Automatic Refinement of Service Compositions},
url={http://dx.doi.org/10.1007/978-3-642-39200-9_33},
publisher={Springer Berlin Heidelberg},
keywords={Web Services; Service Compositions; Automatic Refinement},
author={Costa, UmbertoS. and Ferrari, MirianHalfeld and Musicante, MartinA. and Robert, Sophie},
pages={400-407},
language={English}
}

@inproceedings{ba,
  TITLE = {{Preference-Driven Refinement of Service Compositions}},
  AUTHOR = {Ba, Cheikh and Costa, Umberto and Halfeld Ferrari, Mirian and Ferre, R{\'e}my and A. Musicante, Martin and Peralta, Veronika and Robert, Sophie},
  URL = {https://hal.inria.fr/hal-00978912},
  NOTE = {POSTER presentation},
  BOOKTITLE = {{CLOSER (4th International Conference on Cloud Computing and Services Science)}},
  ADDRESS = {Barcelona, Spain},
  SERIES = {Proceedings of CLOSER 2014},
  PAGES = {8 pages},
  YEAR = {2014},
  MONTH = Apr,
  HAL_ID = {hal-00978912},
  HAL_VERSION = {v1}
}