@ARTICLE{Barhamgi2010, 
author={Barhamgi, M. and Benslimane, D. and Medjahed, B.}, 
journal={Services Computing, IEEE Transactions on}, 
title={A Query Rewriting Approach for Web Service Composition}, 
year={2010}, 
volume={3}, 
number={3}, 
pages={206-222}, 
keywords={Web services;ontologies (artificial intelligence);query processing;rewriting systems;RDF views;Web service composition;data providing services;ontology;performance evaluation;query rewriting approach;service oriented queries;Collaboration;Credit cards;Drugs;Hospitals;Ontologies;Performance evaluation;Resource description framework;Sequences;Testing;Web services;Services integration framework;advanced services invocation framework;composite web services.;services delivery platform}, 
doi={10.1109/TSC.2010.4}, 
ISSN={1939-1374}, 
month={July}}

@Misc{Benouaret2011,
  title         = {{FuDoCS: A Web Service Composition System Based on Fuzzy 
    Dominance for Preference Query Answering}},
  author        = {Karim {Benouaret} and Djamal {Benslimane} and Allel 
    {Hadjali} and Mahmoud {Barhamgi}},
  year          = {2011},
  month         = sep,
  note          = {VLDB - 37th International Conference on Very Large Data 
    Bases - Demo Paper},
  pages         = {1430-1433}, 
  language      = {en},
  url           = {http://liris.cnrs.fr/publis/?id=5120}
}

@incollection{Umberto,
year={2013},
isbn={978-3-642-39199-6},
booktitle={Web Engineering},
volume={7977},
series={Lecture Notes in Computer Science},
editor={Daniel, Florian and Dolog, Peter and Li, Qing},
doi={10.1007/978-3-642-39200-9_33},
title={Automatic Refinement of Service Compositions},
url={http://dx.doi.org/10.1007/978-3-642-39200-9_33},
publisher={Springer Berlin Heidelberg},
keywords={Web Services; Service Compositions; Automatic Refinement},
author={Costa, UmbertoS. and Ferrari, MirianHalfeld and Musicante, MartinA. and Robert, Sophie},
pages={400-407},
language={English}
}

@inproceedings{ba,
  TITLE = {{Preference-Driven Refinement of Service Compositions}},
  AUTHOR = {Ba, Cheikh and Costa, Umberto and Halfeld Ferrari, Mirian and Ferre, R{\'e}my and A. Musicante, Martin and Peralta, Veronika and Robert, Sophie},
  URL = {https://hal.inria.fr/hal-00978912},
  NOTE = {POSTER presentation},
  BOOKTITLE = {{CLOSER (4th International Conference on Cloud Computing and Services Science)}},
  ADDRESS = {Barcelona, Spain},
  SERIES = {Proceedings of CLOSER 2014},
  PAGES = {8 pages},
  YEAR = {2014},
  MONTH = Apr,
  HAL_ID = {hal-00978912},
  HAL_VERSION = {v1}
}