@Inbook{Carvalho2015,
author={Carvalho, Daniel A. S.
and Souza Neto, Pl{\'a}cido A. 
and Vargas-Solar, Genoveva
and Bennani, Nadia
and Ghedira, Chirine},
title={Can Data Integration Quality Be Enhanced on Multi-cloud Using SLA?},
year={2015},
publisher={DEXA 2015, Proceedings, Part II. Springer International Publishing},
pages={145--152},
isbn={978-3-319-22852-5}
}


@ARTICLE{Barhamgi2010, 
author={Barhamgi, M. and Benslimane, D. and Medjahed, B.}, 
journal={Services Computing, IEEE Transactions on}, 
title={A Query Rewriting Approach for Web Service Composition}, 
year={2010}, 
volume={3}, 
number={3}, 
pages={206-222}, 
doi={10.1109/TSC.2010.4}, 
ISSN={1939-1374}, 
month={July}}

@Misc{Benouaret2011,
  title         = {{FuDoCS: A Web Service Composition System Based on Fuzzy 
    Dominance for Preference Query Answering}},
  author        = {Karim {Benouaret} and Djamal {Benslimane} and Allel 
    {Hadjali} and Mahmoud {Barhamgi}},
  year          = {2011},
  month         = sep,
  note          = {VLDB - 37th International Conference on Very Large Data 
    Bases - Demo Paper},
  pages         = {1430-1433}, 
  language      = {en},
  url           = {http://liris.cnrs.fr/publis/?id=5120}
}

@incollection{Umberto,
year={2013},
isbn={978-3-642-39199-6},
booktitle={Web Engineering},
volume={7977},
series={Lecture Notes in Computer Science},
editor={Daniel, Florian and Dolog, Peter and Li, Qing},
doi={10.1007/978-3-642-39200-9_33},
title={Automatic Refinement of Service Compositions},
publisher={Springer Berlin Heidelberg},
keywords={Web Services; Service Compositions; Automatic Refinement},
author={Costa, UmbertoS. and Ferrari, MirianHalfeld and Musicante, MartinA. and Robert, Sophie},
pages={400-407},
language={English}
}

@inproceedings{ba2014,
  TITLE = {Preference-Driven Refinement of Service Compositions},
  AUTHOR = {Ba, Cheikh and Costa, Umberto and H. Ferrari, Mirian and Ferre, R{\'e}my and A. Musicante, Martin and     Peralta, Veronika and Robert, Sophie},
  BOOKTITLE = {Int. Conf. on Cloud Computing and Services Science, 2014},
  SERIES = {Proceedings of CLOSER 2014},
  OPTPAGES = {8 pages},
  year = {2014}
}

@article{Pottinger:2001,
 author = {Pottinger, Rachel and Halevy, Alon},
 title = {MiniCon: A Scalable Algorithm for Answering Queries Using Views},
 journal = {The VLDB Journal},
 issue_date = {September 2001},
 volume = {10},
 number = {2-3},
 month = sep,
 year = {2001},
 issn = {1066-8888},
 pages = {182--198},
 numpages = {17},
 url = {http://dl.acm.org/citation.cfm?id=767141.767146},
 acmid = {767146},
 publisher = {Springer-Verlag New York, Inc.},
 address = {Secaucus, NJ, USA},
 keywords = {Data integration, Materialized views, Query optimization, Web and databases}
} 

@inproceedings{Levy:1996,
 author = {Levy, Alon Y. and Rajaraman, Anand and Ordille, Joann J.},
 title = {Querying Heterogeneous Information Sources Using Source Descriptions},
 booktitle = {Proceedings of the 22th International Conference on Very Large Data Bases},
 series = {VLDB '96},
 year = {1996},
 isbn = {1-55860-382-4},
 pages = {251--262},
 numpages = {12},
 url = {http://dl.acm.org/citation.cfm?id=645922.673469},
 acmid = {673469},
 publisher = {Morgan Kaufmann Publishers Inc.},
 address = {San Francisco, CA, USA}
}

@inproceedings{Duschka:1997,
 author = {Duschka, Oliver M. and Genesereth, Michael R.},
 title = {Answering Recursive Queries Using Views},
 booktitle = {Proceedings of the Sixteenth ACM SIGACT-SIGMOD-SIGART Symposium on Principles of Database Systems},
 series = {PODS '97},
 year = {1997},
 isbn = {0-89791-910-6},
 location = {Tucson, Arizona, USA},
 pages = {109--116},
 numpages = {8},
 url = {http://doi.acm.org/10.1145/263661.263674},
 doi = {10.1145/263661.263674},
 acmid = {263674},
 publisher = {ACM},
 address = {New York, NY, USA}
}

@article{Halevy:2001,
 author = {Halevy, Alon Y.},
 title = {Answering Queries Using Views: A Survey},
 journal = {The VLDB Journal},
 issue_date = {December 2001},
 volume = {10},
 number = {4},
 month = dec,
 year = {2001},
 issn = {1066-8888},
 pages = {270--294},
 numpages = {25},
 url = {http://dx.doi.org/10.1007/s007780100054},
 doi = {10.1007/s007780100054},
 acmid = {767151},
 publisher = {Springer-Verlag New York, Inc.},
 address = {Secaucus, NJ, USA},
 keywords = {Data integration, Date warehousing, Materialized views, Query optimization, Survey, Web-site management}
} 

@inproceedings{AlhamadDC11,
  author = {Alhamad, Mohammed and Dillon, Tharam S. and Chang, Elizabeth},
  booktitle = {OTM Conferences (2)},
  ee = {http://dx.doi.org/10.1007/978-3-642-25106-1_4},
  isbn = {978-3-642-25105-4},
  keywords = {dblp},
  pages = {469-477},
  publisher = {Springer},
  series = {Lecture Notes in Computer Science},
  timestamp = {2015-06-19T08:44:09.000+0200},
  title = {A Survey on SLA and Performance Measurement in Cloud Computing.},
  url = {http://dblp.uni-trier.de/db/conf/otm/otm2011-2.html\#AlhamadDC11},
  volume = 7045,
  year = 2011
}

@INPROCEEDINGS{rak2013, 
author={M. Rak and N. Suri and J. Luna and D. Petcu and V. Casola and U. Villano}, 
booktitle={Cloud Computing Technology and Science (CloudCom), 2013 IEEE 5th International Conference on}, 
title={Security as a Service Using an SLA-Based Approach via SPECS}, 
year={2013}, 
volume={2}, 
pages={1-6},  
doi={10.1109/CloudCom.2013.165}
}

@INPROCEEDINGS{Mavrogeorgi2013, 
author={N. Mavrogeorgi and V. Alexandrou and S. Gogouvitis and A. Voulodimos and D. Kiriazis and T. Varvarigou and E. K. Kolodner}, 
booktitle={P2P, Parallel, Grid, Cloud and Internet Computing (3PGCIC), 2013 Eighth International Conference on}, 
title={Customized SLAs in Cloud Environments}, 
year={2013}, 
pages={262-269}, 
doi={10.1109/3PGCIC.2013.45}, 
month={Oct}
}

@INPROCEEDINGS{Leitner2010, 
author={P. Leitner and A. Michlmayr and F. Rosenberg and S. Dustdar}, 
booktitle={Web Services (ICWS), 2010 IEEE International Conference on}, 
title={Monitoring, Prediction and Prevention of SLA Violations in Composite Services}, 
year={2010}, 
pages={369-376}, 
month={July}
}

@INPROCEEDINGS{Maarouf2015, 
author={A. Maarouf and M. El Hamlaoui and A. Marzouk and A. Haqiq}, 
booktitle={Cloud Technologies and Applications (CloudTech), 2015 International Conference on}, 
title={Combining multi-agent systems and MDE approach for monitoring SLA violations in the Cloud Computing}, 
year={2015}, 
pages={1-6}, 
doi={10.1109/CloudTech.2015.7336975}
}

@inproceedings{costa2013,
  TITLE = {{Automatic Refinement of Service Compositions}},
  AUTHOR = {Da Costa, Umberto and Halfeld Ferrari, Mirian and Musicante, Martin and Robert, Sophie},
  URL = {https://hal.inria.fr/hal-00861101},
  BOOKTITLE = {{ICWE}},
  ADDRESS = {Aalborg, Denmark},
  EDITOR = {Florian Daniel and Peter Dolog and Qing Li},
  PUBLISHER = {{Springer}},
  SERIES = {},
  VOLUME = {7977},
  PAGES = {400-407},
  YEAR = {2013},
  MONTH = Jul,
  DOI = {10.1007/978-3-642-39200-9\_33},
  KEYWORDS = {web service ; service composition}
}

@inproceedings{Correndo2010,
address = {New York, USA},
author = {Correndo, Gianluca and Salvadores, Manuel and Millard, Ian and Glaser, Hugh and Shadbolt, Nigel},
booktitle = {DataSem 2010},
keywords = {RDF,SPARQL,query rewriting},
pages = {1},
publisher = {ACM Press},
title = {{SPARQL query rewriting for implementing data integration over linked data}}
}

@article{ElSheikh2013,
author = {ElSheikh, Ghada and ElNainay, Mustafa Y. and ElShehaby, Saleh and Abougabal, Mohamed S.},
doi = {10.1016/j.aej.2013.02.007},
issn = {11100168},
journal = {Alexandria Engineering Journal},
keywords = {Cloud Computing,MapReduce,Service Oriented Data Integration,Web-services},
month = sep,
number = {3},
pages = {313--318},
title = {{SODIM: Service Oriented Data Integration based on MapReduce}},
url = {http://www.sciencedirect.com/science/article/pii/S111001681300029X},
volume = {52},
year = {2013}
}

@article{YauY08,
  added-at = {2011-11-07T00:00:00.000+0100},
  author = {Yau, Stephen S. and Yin, Yin},
  biburl = {http://www.bibsonomy.org/bibtex/2cd64a045e862a2abb2ae7f2890079dfc/dblp},
  ee = {http://doi.ieeecomputersociety.org/10.1109/TSC.2008.14},
  interhash = {102985016db060aacc3c62b35145bfbe},
  intrahash = {cd64a045e862a2abb2ae7f2890079dfc},
  journal = {IEEE T. Services Computing},
  keywords = {dblp},
  number = 3,
  pages = {130-140},
  timestamp = {2011-11-07T00:00:00.000+0100},
  title = {A Privacy Preserving Repository for Data Integration across Data Sharing Services.},
  volume = 1,
  year = 2008
}

@inproceedings{Tian2010,
  author = {Tian, Yuan and Song, Biao and Park, Jimupimg and nam Huh, Eui},
  booktitle = {ICCCI (1)},
  isbn = {978-3-642-16692-1},
  pages = {195-204},
  publisher = {Springer},
  title = {Inter-cloud Data Integration System Considering Privacy and Cost.},
  year = {2010}
}

@INPROCEEDINGS{Nie07, 
author={Tiezheng Nie and Guangqi Wang and Derong Shen and Meifang Li and Ge Yu}, 
booktitle={COMPSAC 2007}, 
title={SLA-based Data Integration on Database Grids}, 
year={2007}, 
month={July}, 
volume={2}, 
pages={613-618}, 
ISSN={0730-3157}
}

@INPROCEEDINGS{Bennani2014,
author={Bennani, N. and Ghedira-Guegan, C. and Musicante, M.A. and Vargas-Solar, G.}, 
booktitle={2014 IEEE 7th International Conference on Cloud Computing (CLOUD)}, 
title={SLA-Guided Data Integration on Cloud Environments}, 
year={2014}, 
month={June}, 
pages={934-935}
}

@article{Benslimane:2013,
 author = {Benslimane, Djamal and Barhamgi, Mahmoud and Cuppens, Frederic and Morvan, Franck and Defude, Bruno and Nageba, Ebrahim},
 title = {PAIRSE: A Privacy-preserving Service-oriented Data Integration System},
 journal = {SIGMOD Rec.},
 issue_date = {September 2013},
 volume = {42},
 number = {3},
 month = oct,
 year = {2013},
 issn = {0163-5808},
 pages = {42--47},
 numpages = {6},
 url = {http://doi.acm.org/10.1145/2536669.2536677},
 doi = {10.1145/2536669.2536677},
 acmid = {2536677},
 publisher = {ACM},
 address = {New York, NY, USA}
} 