@ARTICLE{Barhamgi2010, 
author={Barhamgi, M. and Benslimane, D. and Medjahed, B.}, 
journal={IEEE Transactions on Services Computing}, 
title={A Query Rewriting Approach for Web Service Composition}, 
year={2010}
}

@Misc{Benouaret2011,
  title         = {{FuDoCS: A Web Service Composition System Based on Fuzzy 
    Dominance for Preference Query Answering}},
  author        = {Karim {Benouaret} and Djamal {Benslimane} and Allel 
    {Hadjali} and Mahmoud {Barhamgi}},
  optmonth         = sep,
  note          = {37th International Conference on Very Large Data Bases, 2011},
  pages         = {1430-1433}, 
  language      = {en},
  url           = {http://liris.cnrs.fr/publis/?id=5120}
}

@inproceedings{ba2014,
  TITLE = {{Preference-Driven Refinement of Service Compositions}},
  AUTHOR = {Ba, Cheikh and Costa, Umberto and H. Ferrari, Mirian and Ferre, R{\'e}my and A. Musicante, Martin and     Peralta, Veronika and Robert, Sophie},
  URL = {https://hal.inria.fr/hal-00978912},
  OPTNOTE = {POSTER presentation},
  BOOKTITLE = {{CLOSER (4th International Conference on Cloud Computing and Services Science)}},
  OPTADDRESS = {Barcelona, Spain},
  OPTSERIES = {Proceedings of CLOSER 2014},
  OPTPAGES = {8 pages},
  YEAR = {2014},
  OPTMONTH = Apr,
  HAL_ID = {hal-00978912},
  HAL_VERSION = {v1}
}
